%------------------------------------------------------------------------------%
%                                                                              %
%                                  ARTICLES                                    %
%                                                                              %
%------------------------------------------------------------------------------%

@ARTICLE{Lin++2008,
   author = {{Lintott}, C.~J. and {Schawinski}, K. and {Slosar}, A. and {Land}, K. and
        {Bamford}, S. and {Thomas}, D. and {Raddick}, M.~J. and {Nichol}, R.~C. and
        {Szalay}, A. and {Andreescu}, D. and {Murray}, P. and {Vandenberg}, J.
        },
    title = "{Galaxy Zoo: morphologies derived from visual inspection of galaxies from the Sloan Digital Sky Survey}",
  journal = {\mnras},
archivePrefix = "arXiv",
   eprint = {0804.4483},
 keywords = {methods: data analysis , galaxies: elliptical and lenticular, cD , galaxies: general , galaxies: spiral},
     year = 2008,
    month = sep,
   volume = 389,
    pages = {1179-1189},
      doi = {10.1111/j.1365-2966.2008.13689.x},
   adsurl = {http://adsabs.harvard.edu/abs/2008MNRAS.389.1179L},
  adsnote = {Provided by the SAO/NASA Astrophysics Data System},
    notes = {Seminal Galaxy Zoo paper.}
}

@ARTICLE{Mou++2013,
   author = {{Mousis}, O. and {Hueso}, R. and {Beaulieu}, J.-P. and {Bouley}, S. and
    {Carry}, B. and {Colas}, F. and {Klotz}, A. and {Pellier}, C. and
    {Petit}, J.-M. and {Rousselot}, P. and {Dib}, M.~A. and {Beisker}, W. and
    {Birlan}, M. and {Buil}, C. and {Delsanti}, A. and {Frappa}, E. and
    {Hammel}, H.~B. and {Levasseur-Regourd}, A.-C. and {Orton}, G.~S. and
    {Sanchez-Lavega}, A. and {Santerne}, A. and {Tanga}, P. and
    {Vaubaillon}, J. and {Zanda}, B. and {Baratoux}, D. and {Boehm}, T. and
    {Boudon}, V. and {Bouquet}, A. and {Buzzi}, L. and {Dauvergne}, J.-L. and
    {Decock}, A. and {Delcroix}, M. and {Drossart}, P. and {Esseiva}, N. and
    {Fischer}, G. and {Fletcher}, L.~N. and {Foglia}, S. and {Gomez-Forrellad}, J.~M. and
    {Guarro-Flo}, J. and {Herald}, D. and {Kugel}, F. and {Lebreton}, J.-P. and
    {Lecacheux}, J. and {Leroy}, A. and {Maquet}, L. and {Masi}, G. and
    {Maury}, A. and {Meyer}, F. and {P{\'e}rez-Hoyos}, S. and {Rajpurohit}, A.~S. and
    {Rinner}, C. and {Rogers}, J.~H. and {Roques}, F. and {Schmude}, Jr., R.~W. and
    {Sicardy}, B. and {Tregon}, B. and {Vanhuysse}, M. and {Wesley}, A. and
    {Widemann}, T.},
    title = "{Instrumental Methods for Professional and Amateur Collaborations in Planetary Astronomy}",
  journal = {ArXiv e-prints},
archivePrefix = "arXiv",
   eprint = {1305.3647},
 primaryClass = "astro-ph.IM",
 keywords = {Astrophysics - Instrumentation and Methods for Astrophysics, Astrophysics - Earth and Planetary Astrophysics},
     year = 2013,
    month = may,
   adsurl = {http://adsabs.harvard.edu/abs/2013arXiv1305.3647M},
  adsnote = {Provided by the SAO/NASA Astrophysics Data System}
}

% ----------------------------------------------------------------------------
% DEMOGRAPHICS / MOTIVATION

@ARTICLE{Rad++2010,
   author = {{Raddick}, M.~J. and {Bracey}, G. and {Gay}, P.~L. and {Lintott}, C.~J. and
    {Murray}, P. and {Schawinski}, K. and {Szalay}, A.~S. and {Vandenberg}, J.
    },
    title = "{Galaxy Zoo: Exploring the Motivations of Citizen Science Volunteers}",
  journal = {Astronomy Education Review},
archivePrefix = "arXiv",
   eprint = {0909.2925},
 primaryClass = "astro-ph.IM",
     year = 2010,
   volume = 9,
   number = 1,
    pages = {010103},
      doi = {10.3847/AER2009036},
   adsurl = {http://adsabs.harvard.edu/abs/2010AEdRv...9a0103R},
  adsnote = {Provided by the SAO/NASA Astrophysics Data System}
}

@ARTICLE{Rad++2013,
   author = {{Raddick}, M.~J. and {Bracey}, G. and {Gay}, P.~L. and {Lintott}, C.~J. and
    {Cardamone}, C. and
    {Murray}, P. and {Schawinski}, K. and {Szalay}, A.~S. and {Vandenberg}, J.
    },
    title = "{Galaxy Zoo: Motivations of Citizen Scientists}",
  journal = {Astronomy Education Review},
archivePrefix = "arXiv",
   eprint = {1303.6886},
 primaryClass = "physics.ed-ph",
     year = 2013,
   volume = 12,
   number = 1,
    pages = {010106},
      doi = {10.3847/AER2011021}
}

@ARTICLE{P+P2012,
   author = {{Price}, C.~A. and {Paxson}, K.~B.},
    title = "{The AAVSO 2011 Demographic and Background Survey}",
  journal = {ArXiv e-prints},
archivePrefix = "arXiv",
   eprint = {1204.3582},
 primaryClass = "astro-ph.IM",
 keywords = {Astrophysics - Instrumentation and Methods for Astrophysics, Astrophysics - Solar and Stellar Astrophysics},
     year = 2012,
    month = apr,
   adsurl = {http://adsabs.harvard.edu/abs/2012arXiv1204.3582P},
  adsnote = {Provided by the SAO/NASA Astrophysics Data System}
}

%------------------------------------------------------------------------------%
%                                                                              %
%                                  BOOKS                                       %
%                                                                              %
%------------------------------------------------------------------------------%

@BOOK{Nie2011,
  title={Reinventing Discovery: The New Era of Networked Science},
  author={Nielsen, M.},
  isbn={9781400839452},
  lccn={2011020248},
  url={http://books.google.co.uk/books?id=abTaJ5fJaI0C},
  year={2011},
  publisher={Princeton University Press},
  notes={Citizen science as a scientific revolution.}
}
